<record><leader>00000cas a22000007a 4500</leader><controlfield tag="001">13087916</controlfield><controlfield tag="008">860131d19421943wvuwr ne      0    0eng d</controlfield><datafield ind1=" " ind2=" " tag="010"><subfield code="a">sn 86092100 </subfield></datafield><datafield ind1=" " ind2=" " tag="040"><subfield code="a">WVC</subfield><subfield code="b">eng</subfield><subfield code="c">WVC</subfield><subfield code="d">OCL</subfield><subfield code="d">OCLCQ</subfield></datafield><datafield ind1=" " ind2=" " tag="042"><subfield code="a">msc</subfield></datafield><datafield ind1="0" ind2="0" tag="245"><subfield code="a">Ohio Valley advertiser.</subfield></datafield><datafield ind1=" " ind2=" " tag="260"><subfield code="a">Point Pleasant, W. Va.</subfield></datafield><datafield ind1=" " ind2=" " tag="300"><subfield code="a">v.</subfield></datafield><datafield ind1=" " ind2=" " tag="310"><subfield code="a">Weekly</subfield></datafield><datafield ind1="1" ind2=" " tag="362"><subfield code="a">Began in 1942; ceased in 1943?</subfield></datafield><datafield ind1=" " ind2=" " tag="500"><subfield code="a">"Independent Republican newspaper."</subfield></datafield><datafield ind1=" " ind2=" " tag="515"><subfield code="a">July 22, 1943 is vol. 2, no. 29 and July 29, 1943 is v. 56, no. 30.</subfield></datafield><datafield ind1=" " ind2=" " tag="588"><subfield code="a">Description based on: Vol. 1, no. 2 (Aug. 6, 1942).</subfield></datafield><datafield ind1=" " ind2=" " tag="752"><subfield code="a">United States</subfield><subfield code="b">West Virginia</subfield><subfield code="c">Mason</subfield><subfield code="d">Point Pleasant.</subfield></datafield></record>